@online{bibtex,
author = {ShareLaTeX},
title  = {Bibliography Management with BibTeX},
date   = {2016-11},
url    = {https://www.sharelatex.com/learn/Bibliography_management_with_bibtex#/Bibliography_management_with_Bibtex}
}